
@article{akaike1974aic,
  author    = {Akaike, Hirotugu},
  title     = {A new look at the statistical model identification},
  journal   = {IEEE Transactions on Automatic Control},
  volume    = {19},
  number    = {6},
  pages     = {716--723},
  year      = {1974},
  doi       = {10.1109/TAC.1974.1100705}
}

@article{bishop1995neural,
  author    = {Bishop, Christopher M.},
  title     = {Neural networks for pattern recognition},
  journal   = {Oxford University Press},
  year      = {1995},
  isbn      = {978-0198538646}
}

@book{bishop2006pattern,
  author    = {Bishop, Christopher M.},
  title     = {Pattern Recognition and Machine Learning},
  publisher = {Springer},
  year      = {2006},
  isbn      = {978-0387310732}
}

@article{breiman2001rf,
  author    = {Breiman, Leo},
  title     = {Random Forests},
  journal   = {Machine Learning},
  volume    = {45},
  number    = {1},
  pages     = {5--32},
  year      = {2001},
  doi       = {10.1023/A:1010933404324}
}

@inproceedings{breunig2000lof,
  author    = {Breunig, Markus M. and Kriegel, Hans-Peter and Ng, Raymond T. and Sander, J{\"o}rg},
  title     = {LOF: Identifying Density-Based Local Outliers},
  booktitle = {Proceedings of the 2000 ACM SIGMOD International Conference on Management of Data},
  pages     = {93--104},
  year      = {2000},
  doi       = {10.1145/342009.335388}
}

@book{burnham2002model,
  author    = {Burnham, Kenneth P. and Anderson, David R.},
  title     = {Model selection and multimodel inference: A practical information-theoretic approach},
  publisher = {Springer},
  year      = {2002},
  edition   = {2nd},
  isbn      = {978-0387953649}
}

@book{goodfellow2016deep,
  author    = {Goodfellow, Ian and Bengio, Yoshua and Courville, Aaron},
  title     = {Deep Learning},
  publisher = {MIT Press},
  year      = {2016},
  isbn      = {978-0262035613},
  url       = {https://www.deeplearningbook.org/}
}

@article{hastie1986gam,
  author    = {Hastie, Trevor and Tibshirani, Robert},
  title     = {Generalized Additive Models},
  journal   = {Statistical Science},
  volume    = {1},
  number    = {3},
  pages     = {297--318},
  year      = {1986},
  doi       = {10.1214/ss/1177013604}
}

@book{hastie2009elements,
  author    = {Hastie, Trevor and Tibshirani, Robert and Friedman, Jerome},
  title     = {The Elements of Statistical Learning: Data Mining, Inference, and Prediction},
  publisher = {Springer},
  edition   = {2nd},
  year      = {2009},
  isbn      = {978-0387848570},
  url       = {https://web.stanford.edu/~hastie/ElemStatLearn/}
}

@article{lecun2015deep,
  author    = {LeCun, Yann and Bengio, Yoshua and Hinton, Geoffrey},
  title     = {Deep learning},
  journal   = {Nature},
  volume    = {521},
  number    = {7553},
  pages     = {436--444},
  year      = {2015},
  publisher = {Springer Nature},
  doi       = {10.1038/nature14539}
}

@article{mcculloch1943nn,
  author    = {McCulloch, Warren S. and Pitts, Walter},
  title     = {A Logical Calculus of the Ideas Immanent in Nervous Activity},
  journal   = {Bulletin of Mathematical Biophysics},
  volume    = {5},
  pages     = {115--133},
  year      = {1943},
  doi       = {10.1007/BF02478259}
}

@article{verhulst1838logistic,
  author    = {Verhulst, Pierre-François},
  title     = {Notice sur la loi que la population poursuit dans son accroissement},
  journal   = {Correspondance Mathématique et Physique},
  volume    = {10},
  pages     = {113--121},
  year      = {1838}
}

@article{winsor1932gompertz,
  author    = {Winsor, C. P.},
  title     = {The Gompertz Curve as a Growth Curve},
  journal   = {Proceedings of the National Academy of Sciences},
  volume    = {18},
  number    = {1},
  pages     = {1--8},
  year      = {1932},
  doi       = {10.1073/pnas.18.1.1}
}

@book{wood2017gam,
  author    = {Wood, Simon N.},
  title     = {Generalized Additive Models: An Introduction with R},
  edition   = {2nd},
  publisher = {Chapman and Hall/CRC},
  year      = {2017},
  isbn      = {9781498728331}
}

@book{zwietering1990bacterial,
  author    = {Zwietering, M. H. and Jongenburger, I. and Rombouts, F. M. and van 't Riet, K.},
  title     = {Modeling of the bacterial growth curve},
  journal   = {Applied and Environmental Microbiology},
  volume    = {56},
  number    = {6},
  pages     = {1875--1881},
  year      = {1990},
  publisher = {American Society for Microbiology},
  doi       = {10.1128/aem.56.6.1875-1881.1990}
}